<?xml version="1.0" encoding="UTF-8"?><collection xmlns="http://www.loc.gov/MARC21/slim"><record><leader>00353nam--2200121-i-4500</leader><controlfield tag="001">000020451</controlfield><controlfield tag="002">20161230</controlfield><controlfield tag="005">20161230201033</controlfield><controlfield tag="008">060222s1000------------r-----000-0-eng-d</controlfield><datafield ind1=" " ind2=" " tag="080"><subfield code="a">061.62(430):001.891:621.384.634</subfield></datafield><datafield ind1=" " ind2=" " tag="245"><subfield code="a">Desy wissenschaftlicher jahresbericht 1994</subfield></datafield><datafield ind1=" " ind2=" " tag="260"><subfield code="a">Hamburg, Dierk Heigener Druckerzeugnisse Gmbh, 1995, 327 P</subfield></datafield><datafield ind1=" " ind2=" " tag="852"><subfield code="a">80001</subfield></datafield></record></collection>